% Introduction
@misc{netflixmicroservices,
    title = {Adopting Microservices at {Netflix}: Lessons for Architectural Design},
    howpublished = {https://www.nginx.com/blog/microservices-at-netflix-architectural-best-practices/},
    note = {Accessed: 2020-07-09},
    author = {Mauro, Tony}
}

@misc{googlemicroservices,
    title = {Lessons From the Birth of Microservices at {Google}},
    howpublished = {https://dzone.com/articles/lessons-from-the-birth-of-microservices-at-google},
    note = {Accessed: 2020-07-09},
    author = {Spoonhower, Daniel}
}
@inproceedings{ghofrani2018challenges,
  title={Challenges of Microservices Architecture: A Survey on the State of the Practice.},
  author={Ghofrani, Javad and L{\"u}bke, Daniel},
  booktitle={ZEUS},
  pages={1--8},
  year={2018}
}

@article{viggiato2018microservices,
  title={Microservices in Practice: A Survey Study},
  author={Viggiato, Markos and Terra, Ricardo and Rocha, Henrique and Valente, Marco Tulio and Figueiredo, Eduardo},
  journal={arXiv preprint arXiv:1808.04836},
  year={2018}
}

@misc{stateofmicroservices,
    title = {State of Microservices 2020},
    howpublished = {https://tsh.io/state-of-microservices},
    note = {Accessed: 2020-07-09},
    author = {Gajda, Marek and Cooper, Peter and Mezzalira, Luca and Rodger, Richard and Banskota, Sarup}
}

@misc{stateofjs,
    title = {State of {JS} 2019: {GraphQL}},
    howpublished = {https://2019.stateofjs.com/data-layer/graphql/},
    note = {Accessed: 2020-04-09},
    author = {Benitte, Raphaël and Greif, Sacha and Rambeau, Michael}
}

%Related work
@inproceedings{vazquez2017improving,
  title={Improving the {OEEU's} data-driven technological ecosystem's interoperability with {GraphQL}},
  author={V{\'a}zquez-Ingelmo, Andrea and Cruz-Benito, Juan and Garc{\'\i}a-Pe{\~n}alvo, Francisco J},
  booktitle={Proceedings of the 5th International Conference on Technological Ecosystems for Enhancing Multiculturality},
  pages={1--8},
  year={2017}
}

@mastersthesis{ghebremicael2017transformation,
  title={Transformation of {REST API} to {GraphQL} for {OpenTOSCA}},
  author={Ghebremicael, Eyob Semere},
  year={2017},
  school = {University of Stuttgart},
  publisher={OPUS - Publication Server of the University of Stuttgart}
}

@inproceedings{chamas2017comparing,
  author={Chamas, C. L. and Cordeiro, D. and Eler, M. M.},
  booktitle={2017 IEEE 9th Latin-American Conference on Communications (LATINCOM)}, 
  title={Comparing REST, SOAP, Socket and gRPC in computation offloading of mobile applications: An energy cost analysis}, 
  year={2017},
  pages={1-6}
}


% Microservices
@phdthesis{viswanathan1994publishing,
  title={Publishing in wireless and wireline environments},
  author={Viswanathan, Subramaniyam R},
  school={Rutgers, The State University of New Jersey},
  year={1994}
}

@inproceedings{andre2000generic,
  title={A generic approach to satisfy adaptability needs in mobile environments},
  author={Andre, Fran{\c{c}}oise and Segarra, Maria-Teresa},
  booktitle={Proceedings of the 33rd Annual Hawaii International Conference on System Sciences},
  pages={10--pp},
  year={2000},
  organization={IEEE}
}

@mastersthesis{hockmann2002vergleich,
  title={Vergleich Microsoft .NET mit Sun ONE},
  year={2002},
  school={der Technischen Universität Ilmenau},
  author={Hockmann, Sebastian}
}

@article{fowler2014microservices,
    title={martinfowler.com}, 
    url={https://martinfowler.com/articles/microservices.html}, 
    journal={martinfowler.com}, 
    author={Fowler, Martin}, 
    year={2014}, 
    month={Mar}
}

@phdthesis{kim2004foundation,
  title={Foundation for composable microservices for rapid synthesis of highly reliable software systems},
  author={Kim, Sung Joong},
  year={2004},
  school={The University of Texas at Dallas}
}

@mastersthesis{nguyen2016benchmarking,
  title={Benchmarking Performance of Data Serialization and RPC Frameworks in Microservices Architecture: {gRPC vs. Apache Thrift vs. Apache Avro}},
  author={Nguyen, Thuy},
  school={Aalto University},
  year={2016},
  publisher={Aalto University School of Science}
}

@inproceedings{zimmermann2016microservices,
  title={Microservices tenets: Agile approach to service development and deployment},
  author={Zimmermann, O},
  booktitle={Proceedings of the Symposium/Summer School on Service-Oriented Computing},
  year={2016}
}

@article{sill2016design,
  title={The design and architecture of microservices},
  author={Sill, Alan},
  journal={IEEE Cloud Computing},
  volume={3},
  number={5},
  pages={76--80},
  year={2016},
  publisher={IEEE}
}

@incollection{dragoni2017microservices,
  title={Microservices: yesterday, today, and tomorrow},
  author={Dragoni, Nicola and Giallorenzo, Saverio and Lafuente, Alberto Lluch and Mazzara, Manuel and Montesi, Fabrizio and Mustafin, Ruslan and Safina, Larisa},
  booktitle={Present and ulterior software engineering},
  pages={195--216},
  year={2017},
  publisher={Springer}
}

@inproceedings{gan2019open,
  title={An open-source benchmark suite for microservices and their hardware-software implications for cloud \& edge systems},
  author={Gan, Yu and Zhang, Yanqi and Cheng, Dailun and Shetty, Ankitha and Rathi, Priyal and Katarki, Nayan and Bruno, Ariana and Hu, Justin and Ritchken, Brian and Jackson, Brendon and others},
  booktitle={Proceedings of the Twenty-Fourth International Conference on Architectural Support for Programming Languages and Operating Systems},
  pages={3--18},
  year={2019}
}

@inproceedings{fernandez2010microservices,
  title={Microservices-Lightweight Service Descriptions for REST Architectural Style.},
  author={Fern{\'a}ndez-Villamor, Jos{\'e} Ignacio and Iglesias, Carlos Angel and Garijo, Mercedes},
  booktitle={ICAART (1)},
  pages={576--579},
  year={2010}
}

@inproceedings{aderaldo2017benchmark,
  title={Benchmark requirements for microservices architecture research},
  author={Aderaldo, Carlos M and Mendon{\c{c}}a, Nabor C and Pahl, Claus and Jamshidi, Pooyan},
  booktitle={2017 IEEE/ACM 1st International Workshop on Establishing the Community-Wide Infrastructure for Architecture-Based Software Engineering (ECASE)},
  pages={8--13},
  year={2017},
  organization={IEEE}
}

@incollection{malhotra2019developing,
  title={Developing Microservices with Java},
  author={Malhotra, Raj},
  booktitle={Rapid Java Persistence and Microservices},
  pages={9--25},
  year={2019},
  publisher={Springer}
}

% GraphQL
@misc{schrock2015blog,
    author={Schrock, Nick},
    title={{GraphQL} Introduction},
    howpublished={https://reactjs.org/blog/2015/05/01/graphql-introduction.html},
    journal={ReactJS.org},
    year={2015}
}

@misc{graphqlusers,
    title = {Who’s using {GraphQL}?},
    howpublished = {https://graphql.org/users/},
    note = {Accessed: 2020-04-09},
    key = {W}
}

@misc{graphqlcode,
    title = {Code},
    howpublished = {https://graphql.org/code/},
    note = {Accessed: 2020-08-06},
    key = {C}
}

@misc{graphql2018spec,
    howpublished={https://spec.graphql.org/June2018/},
    title={{GraphQL} Specification},
    note={Accessed: 2020-04-17},
    month={6},
    year={2018},
    key = {GraphQL}
}

@article{hartig2017initial,
  title={An initial analysis of Facebook's {GraphQL} language},
  author={Hartig, Olaf and P{\'e}rez, Jorge},
  year={2017},
  publisher={CEUR-WS}
}

@book{frisendal2018visual,
  author={Frisendal, Thomas},
  title={Visual Design of GraphQL Data},
  year={2018},
  publisher={Springer}
}

@inproceedings{hartig2018semantics,
  title={Semantics and complexity of {GraphQL}},
  author={Hartig, Olaf and P{\'e}rez, Jorge},
  booktitle={Proceedings of the 2018 World Wide Web Conference},
  pages={1155--1164},
  year={2018}
}

@inproceedings{hartig2019defining,
  title={Defining schemas for property graphs by using the {GraphQL} schema definition language},
  author={Hartig, Olaf and Hidders, Jan},
  booktitle={Proceedings of the 2nd Joint International Workshop on Graph Data Management Experiences \& Systems (GRADES) and Network Data Analytics (NDA)},
  pages={1--11},
  year={2019}
}

@inproceedings{werbrouck2019semantic,
  title={Semantic query languages for knowledge-based web services in a construction context},
  author={Werbrouck, Jeroen and Senthilvel, Madhumitha and Beetz, Jakob and Bourreau, Pierre and Van Berlo, L{\'e}on},
  booktitle={Proceedings of the 26th International Workshop on Intelligent Computing in Engineering (EG-ICE)},
  year={2019}
}

% REST
@book{fielding2000architectural,
  title={Architectural styles and the design of network-based software architectures},
  author={Fielding, Roy T and Taylor, Richard N},
  volume={7},
  year={2000},
  publisher={University of California, Irvine Irvine}
}

@inproceedings{fielding2017reflections,
  title={Reflections on the {REST} architectural style and "principled design of the modern web architecture"(impact paper award)},
  author={Fielding, Roy T and Taylor, Richard N and Erenkrantz, Justin R and Gorlick, Michael M and Whitehead, Jim and Khare, Rohit and Oreizy, Peyman},
  booktitle={Proceedings of the 2017 11th Joint Meeting on Foundations of Software Engineering},
  pages={4--14},
  year={2017}
}

@misc{rapid2020survey,
  title = {{RapidAPI Developer Survey Insights} 2019 - 2020},
  howpublished = {https://rapidapi.com/blog/wp-content/uploads/2020/03/Dev-Survey-Updated.pdf},
  note = {Accessed: 2020-07-06},
  key = {RapidAPI}
}

@book{masse2011rest,
  title={REST API Design Rulebook: Designing Consistent RESTful Web Service Interfaces},
  author={Masse, Mark},
  year={2011},
  publisher={" O'Reilly Media, Inc."}
}

% RSocket

@misc{melanson2019rsockethome,
    title = {HTTP Alternative RSocket Gets a Home at The Linux Foundation},
    author={Mike Melanson},
    year={2019},
    publisher={The New Stack},
    howpublished={https://thenewstack.io/http-alternative-rsocket-gets-a-home-at-the-linux-foundation/},
    note={Accessed: 2020-07-06}
}

@misc{reactivemembers,
  title={Reactive foundation members},
  howpublished={https://reactive.foundation/members/},
  note={Accessed: 2020-07-06},
  key = {Reactive}
}

@misc{rsocketmotivations,
  title={Motivations},
  howpublished={https://rsocket.io/docs/Motivations},
  note={Accessed: 2020-07-06},
  key = {Motivations}
}

@misc{netifi2017rsocket,
  title={{RSocket}},
  howpublished={https://www.netifi.com/rsocket},
  note={Accessed: 2020-07-06},
  key = {RSocket}
}

% gRPC
@misc{marculescu2015introducing,
    title={Introducing gRPC, a new open source HTTP/2 RPC Framework},
    howpublished={https://developers.googleblog.com/2015/02/introducing-grpc-new-open-source-http2.html?m=1},
    author={Marculescu, Mugur},
    year={2015},
    note={Accessed: 2020-07-06}
}

@misc{aboutgrpc,
  title={About {gRPC}},
  howpublished={https://grpc.io/about/},
  note={Accessed: 2020-07-06},
  key = {About}
}

@misc{grpccore,
    title = {Core concepts, architecture and lifecycle},
    howpublished={https://grpc.io/docs/what-is-grpc/core-concepts/},
    note={Accessed: 2020-08-08},
    key={Core}}

@misc{ryan2015motivation,
  title = {{gRPC} Motivation and Design Principles},
  author = {Ryan, Louis},
  year = {2015},
  month = {9},
  howpublished={https://grpc.io/blog/principles/},
  note = {Accessed: 2020-07-13}
}

@misc{json,
    title={Introducing {JSON}},
    howpublished={https://www.json.org/json-en.html},
    note={Accessed: 2020-08-16},
    key={JSON}
    }

% Related work

@inproceedings{ueda2016workload,
  title={Workload characterization for microservices},
  author={Ueda, Takanori and Nakaike, Takuya and Ohara, Moriyoshi},
  booktitle={2016 IEEE international symposium on workload characterization (IISWC)},
  pages={1--10},
  year={2016},
  organization={IEEE}
}

@inproceedings{amaral2015performance,
  title={Performance evaluation of microservices architectures using containers},
  author={Amaral, Marcelo and Polo, Jorda and Carrera, David and Mohomed, Iqbal and Unuvar, Merve and Steinder, Malgorzata},
  booktitle={2015 IEEE 14th International Symposium on Network Computing and Applications},
  pages={27--34},
  year={2015},
  organization={IEEE}
}

@article{kratzke2017microservices,
  title={About microservices, containers and their underestimated impact on network performance},
  author={Kratzke, Nane},
  journal={arXiv preprint arXiv:1710.04049},
  year={2017}
}

@article{gan2018architectural,
  title={The architectural implications of cloud microservices},
  author={Gan, Yu and Delimitrou, Christina},
  journal={IEEE Computer Architecture Letters},
  volume={17},
  number={2},
  pages={155--158},
  year={2018},
  publisher={IEEE}
}

@article{soldani2018pains,
  title={The pains and gains of microservices: A systematic grey literature review},
  author={Soldani, Jacopo and Tamburri, Damian Andrew and Van Den Heuvel, Willem-Jan},
  journal={Journal of Systems and Software},
  volume={146},
  pages={215--232},
  year={2018},
  publisher={Elsevier}
}

@inproceedings{rostanski2014evaluation,
  title={Evaluation of highly available and fault-tolerant middleware clustered architectures using RabbitMQ},
  author={Rostanski, Maciej and Grochla, Krzysztof and Seman, Aleksander},
  booktitle={2014 federated conference on computer science and information systems},
  pages={879--884},
  year={2014},
  organization={IEEE}
}

@inproceedings{mironela2009importance,
  title={The Importance of Web Services Using the RPC and REST Architecture},
  author={Mironela, P{\^\i}rnau},
  booktitle={2009 International Conference on Computer Technology and Development},
  volume={1},
  pages={377--379},
  year={2009},
  organization={IEEE}
}

@inproceedings{kennedy2009framework,
  title={A framework for transitioning Enterprise Web Services from XML-RPC to REST},
  author={Kennedy, Sean and Molloy, Owen},
  booktitle={proceedings of 3rd International Conference on Information Resources Management, UAE},
  year={2009}
}

@article{vinoski2008rpc,
  title={Rpc and rest: Dilemma, disruption, and displacement},
  author={Vinoski, Steve},
  journal={IEEE Internet Computing},
  volume={12},
  number={5},
  pages={92--95},
  year={2008},
  publisher={IEEE}
}

@inproceedings{feng2009rest,
  title={REST: An alternative to RPC for Web services architecture},
  author={Feng, Xinyang and Shen, Jianjing and Fan, Ying},
  booktitle={2009 First International Conference on Future Information Networks},
  pages={7--10},
  year={2009},
  organization={IEEE}
}

@article{vinoski2005rpc,
  title={RPC under fire},
  author={Vinoski, Steve},
  journal={IEEE Internet Computing},
  volume={9},
  number={5},
  pages={93--95},
  year={2005},
  publisher={IEEE}
}

@inproceedings{cho2014replacing,
  title={Replacing Socket Communication by REST Open API for Acquisition Tax Analyzer Development},
  author={Cho, Hae-Ryong and Choi, Min},
  booktitle={2014 28th International Conference on Advanced Information Networking and Applications Workshops},
  pages={462--468},
  year={2014},
  organization={IEEE}
}

@inproceedings{choi2012performance,
  title={Performance Analysis of Socket and REST Web Service OpenAPI for Mobile-Cloud Applications},
  author={Choi, Min and Hong, Jang-Eui},
  booktitle={Proceedings of the Korean Information Science Society Conference},
  pages={97--99},
  year={2012},
  organization={Korean Institute of Information Scientists and Engineers}
}

@inproceedings{hong2018performance,
  title={Performance analysis of RESTful API and RabbitMQ for microservice web application},
  author={Hong, Xian Jun and Yang, Hyun Sik and Kim, Young Han},
  booktitle={2018 International Conference on Information and Communication Technology Convergence (ICTC)},
  pages={257--259},
  year={2018},
  organization={IEEE}
}

% Architecture

@techreport{rfc7540,
   author = {Belshe, M. and Peon, R. and Thomson, M.},
   title = {{Hypertext Transfer Protocol Version 2 (HTTP/2)}},
   type="{RFC}",
   number=7540,
   year = {2015},
   month = {May},
   ISSN = {2070-1721},
   publisher = "{Internet Engineering Task Force (IETF)}",
   institution = "{Internet Engineering Task Force (IETF)}",
   URL={https://tools.ietf.org/html/rfc7540}
}
   
@techreport{rfc2616,
   author = {Fielding, R. and Gettys, J. and Mogul, J. and Frystyk, H. and Masinter, L. and Leach, P. and Berners-Lee, T},
   title = {{Hypertext Transfer Protocol -- HTTP/1.1}},
   type="{RFC}",
   number=2616,
   year = {1999},
   month = {June},
   ISSN = {2070-1721},
   publisher = "{Internet Engineering Task Force (IETF)}",
   institution = "{Network Working Group }",
   URL={https://tools.ietf.org/html/rfc2616}
}

@misc{spero1994analysis,
  author={Spero, Simon E.},
  title={Analysis of {HTTP} Performance Problems},
  year={1994},
  month={July},
  publisher={World Wide Web Consortium},
  howpublished={https://www.w3.org/Protocols/HTTP/1.0/HTTPPerformance.html}
}

@mastersthesis{eizinger2017api,
  title={{API} Design in Distributed Systems: A Comparison between {GraphQL} and {REST}},
  author={Eizinger, Thomas},
  school={University of Applied Sciences Technikum Wien},
  year={2017},
  publisher={University of Applied Sciences Technikum Wien}
}

@inproceedings{vogel2017experiences,
  title={Experiences on migrating {RESTful} web services to {GraphQL}},
  author={Vogel, Maximilian and Weber, Sebastian and Zirpins, Christian},
  booktitle={International Conference on Service-Oriented Computing},
  pages={283--295},
  year={2017},
  organization={Springer}
}


@mastersthesis{cederlund2016performance,
  title={Performance of frameworks for declarative data fetching},
  author={Cederlund, Mattias},
  year={2016},
  school={KTH School of Information and Communication Technology},
  publisher={KTH School of Information and Communication Technology}
}

@mastersthesis{johansson2017efficient,
  title={Efficient communication with microservices},
  author={Johansson, Petter},
  year={2017},
  school = {Umea University},
  publisher={Umea University}
}

@inproceedings{seabra2019rest,
  title={{REST} or {GraphQL}? A Performance Comparative Study},
  author={Seabra, Matheus and Naz{\'a}rio, Marcos Felipe and Pinto, Gustavo},
  booktitle={Proceedings of the XIII Brazilian Symposium on Software Components, Architectures, and Reuse},
  pages={123--132},
  year={2019}
}

@incollection{indrasiri2018integrating,
  title={Integrating Microservices},
  author={Indrasiri, Kasun and Siriwardena, Prabath},
  booktitle={Microservices for the Enterprise},
  pages={167--217},
  year={2018},
  publisher={Springer}
}

@inproceedings{ng2005study,
  title={A study of the impact of compression and binary encoding on SOAP performance},
  author={Ng, Alex and Greenfield, Paul and Chen, Shiping},
  booktitle={Proceedings of the Sixth Australasian Workshop on Software and System Architectures (AWSA2005)},
  pages={46--56},
  year={2005}
}

@inproceedings{taibi2018architectural,
  title={Architectural patterns for microservices: a systematic mapping study},
  author={Taibi, Davide and Lenarduzzi, Valentina and Pahl, Claus},
  year={2018},
  booktitle={Proceedings of the 8th International Conference on Cloud Computing and Services Science},
  publisher={SCITEPRESS}
}

% Limitations
@inproceedings{popic2016performance,
  title={Performance evaluation of using Protocol Buffers in the Internet of Things communication},
  author={Popi{\'c}, {Sr{\dj}an} and Pezer, Dra{\v{z}}en and Mrazovac, Bojan and Tesli{\'c}, Nikola},
  booktitle={2016 International Conference on Smart Systems and Technologies (SST)},
  pages={261--265},
  year={2016},
  organization={IEEE}
}

@inproceedings{wibowo2011evaluation,
  title={Evaluation of Protocol Buffers as Data Serialization Format for Microblogging Communication},
  author={Wibowo, Canggih Puspo},
  booktitle={International Conference on Informatics for Development, At Yogyakarta, Indonesia},
  pages={40--43},
  year={2011}
}